@INPROCEEDINGS{4663796, 
  author={Cavazos, J.}, 
  booktitle={Cluster Computing, 2008 IEEE International Conference on}, 
  title={Intelligent compilers}, 
  year={2008}, 
  month={Sept}, 
  pages={360-368}, 
  keywords={microprocessor chips;program compilers;software portability;computer systems;intelligent compilers;multicore hardware design choices;multicore processors;petascale computing systems;Application software;Clocks;Computer architecture;Computer industry;Embedded computing;Hardware;Multicore processing;Optimizing compilers;Prototypes;Software performance}, 
  doi={10.1109/CLUSTR.2008.4663796}, 
  ISSN={1552-5244},}

@ARTICLE{1018133, 
author={Leupers, R.}, 
journal={Design Test of Computers, IEEE}, 
title={Compiler design issues for embedded processors}, 
year={2002}, 
month={Jul}, 
volume={19}, 
number={4}, 
pages={51-58}, 
keywords={embedded systems;optimising compilers;architecture exploration;assembly programming;code optimization techniques;compiler design;embedded processors;embedded systems;retargetable C compilers;retargetable C++ compilers;Application specific processors;Computer architecture;Design optimization;Embedded system;Hardware;Iterative methods;Optimizing compilers;Process design;Program processors;Software tools}, 
doi={10.1109/MDT.2002.1018133}, 
ISSN={0740-7475},}
